@misc{li-chao,
    author = {Chao Li and others},
    year = {2021},
    title = {Cloud Computing Course Experiment Handbook}
}

@misc{Arch-box,
author = {Kristian Klausen and others},
year = {2022},
title = {Arch Linux cloud image build script},
url = {https://gitlab.archlinux.org/archlinux/arch-boxes}
}

@misc{hadoop-package,
author = {Chris Severance and others},
year = {2021},
title = {Arch Linux packaging script for hadoop},
url = {https://aur.archlinux.org/packages/hadoop}
}

@misc{IMS,
author = {{huaweicloud.com}},
year = {2021},
title = {IMS Documentation},
url = {https://support.huaweicloud.com/ims/index.html}
}

@misc{Hadoop-setup,
author = {{Apache Software Foundation}},
year = {2021},
title = {Hadoop Documentation: Hadoop Cluster Setup},
url = {https://hadoop.apache.org/docs/current/hadoop-project-dist/hadoop-common/ClusterSetup.html}
}

@misc{xmu-spark,
author = {Ziyu Lin},
year = {2017},
title = {WordCount Tutorial},
url = {http://dblab.xmu.edu.cn/blog/1311-2/}
}

@inproceedings{wikipedia,
  title={Signed networks in social media},
  author={Leskovec, Jure and Huttenlocher, Daniel and Kleinberg, Jon},
  booktitle={Proceedings of the SIGCHI conference on human factors in computing systems},
  pages={1361--1370},
  url={http://snap.stanford.edu/data/wiki-Vote.html},
  year={2010}
}

@misc{pagerank,
author = {{Apache Software Foundation}},
year = {2021},
title = {GraphX Programming Guide},
url = {https://spark.apache.org/docs/latest/graphx-programming-guide.html}
}

@inproceedings{wiki-elec,
  title={Signed networks in social media},
  author={Leskovec, Jure and Huttenlocher, Daniel and Kleinberg, Jon},
  booktitle={Proceedings of the SIGCHI conference on human factors in computing systems},
  pages={1361--1370},
  url={http://snap.stanford.edu/data/wiki-Elec.html},
  year={2010}
}
